<collection xmlns="http://www.loc.gov/MARC21/slim">
<record>
  <leader>02090nam0a2200361 i 450 </leader>
  <controlfield tag="001">IT\ICCU\CNCE\034372</controlfield>
  <controlfield tag="005">20111018000000.0</controlfield>
  <datafield tag="012" ind1=" " ind2=" ">
    <subfield code="a">amue n-ut nate NoAu (3) 1587 (R)</subfield>
    <subfield code="2">fei</subfield>
  </datafield>
  <datafield tag="100" ind1=" " ind2=" ">
    <subfield code="a">19971230d1587        0itac0103    ba</subfield>
  </datafield>
  <datafield tag="101" ind1=" " ind2=" ">
    <subfield code="a">ITA</subfield>
  </datafield>
  <datafield tag="102" ind1=" " ind2=" ">
    <subfield code="a">IT</subfield>
  </datafield>
  <datafield tag="200" ind1="1" ind2=" ">
    <subfield code="a">Scuola salernitana del modo di conseruarsi in sanit.̉ Nuouamente traportata \!! di latino in volgare toscano</subfield>
  </datafield>
  <datafield tag="210" ind1=" " ind2=" ">
    <subfield code="a">In Perugia</subfield>
    <subfield code="c">apresso Pietroiacomo Petrucci</subfield>
    <subfield code="d">1587</subfield>
    <subfield code="e">In Perugia</subfield>
    <subfield code="g">appresso Pietroiacomo Petrucci</subfield>
    <subfield code="g">et ad instanzia d&apos;Antonfrancesco Piermattei cittadino perugino</subfield>
    <subfield code="h">1587</subfield>
  </datafield>
  <datafield tag="215" ind1=" " ind2=" ">
    <subfield code="a">\12!, 150, \6! p.</subfield>
    <subfield code="d">8ʻ</subfield>
  </datafield>
  <datafield tag="500" ind1="1" ind2="1">
    <subfield code="3">IT\ICCU\CNCE\029358</subfield>
    <subfield code="a">Regimen sanitatis Salernitanum</subfield>
  </datafield>
  <datafield tag="620" ind1=" " ind2=" ">
    <subfield code="a">IT</subfield>
    <subfield code="d">Perugia</subfield>
  </datafield>
  <datafield tag="712" ind1="0" ind2="0">
    <subfield code="a">Petrucci, Pietro Giacomo</subfield>
    <subfield code="3">IT\ICCU\CNCT\000870</subfield>
    <subfield code="4">650</subfield>
  </datafield>
  <datafield tag="712" ind1="0" ind2="0">
    <subfield code="a">Piermattei, Antonfrancesco</subfield>
    <subfield code="3">IT\ICCU\CNCT\002750</subfield>
    <subfield code="4">650</subfield>
  </datafield>
  <datafield tag="791" ind1="0" ind2="0">
    <subfield code="a">Petrutius, Petrusiacobus</subfield>
    <subfield code="3">IT\ICCU\CNCT\002505</subfield>
    <subfield code="z">Petrucci, Pietro Giacomo</subfield>
  </datafield>
  <datafield tag="801" ind1=" " ind2="3">
    <subfield code="a">IT</subfield>
    <subfield code="b">ICCU</subfield>
    <subfield code="c">20201114</subfield>
  </datafield>
  <datafield tag="899" ind1=" " ind2=" ">
    <subfield code="a">Biblioteca nazionale centrale. Firenze</subfield>
    <subfield code="1">FI0098</subfield>
    <subfield code="2">CFI CF</subfield>
  </datafield>
  <datafield tag="899" ind1=" " ind2=" ">
    <subfield code="a">Biblioteca Estense Universitaria. Modena</subfield>
    <subfield code="1">MO0089</subfield>
    <subfield code="2">MOD BE</subfield>
  </datafield>
  <datafield tag="899" ind1=" " ind2=" ">
    <subfield code="a">Biblioteca comunale. Assisi</subfield>
    <subfield code="1">PG0001</subfield>
    <subfield code="2">UM1 10</subfield>
  </datafield>
  <datafield tag="899" ind1=" " ind2=" ">
    <subfield code="a">Collezione privata L. Serego Alighieri. Castel del Piano Umbro</subfield>
    <subfield code="1">PG0388</subfield>
    <subfield code="2">ZPG 42</subfield>
  </datafield>
  <datafield tag="899" ind1=" " ind2=" ">
    <subfield code="a">Biblioteca centrale dell&apos;Area umanistica dell&apos;Universit ̉degli studi di Urbino. Urbino</subfield>
    <subfield code="1">PU0206</subfield>
    <subfield code="2">URB AU</subfield>
  </datafield>
  <datafield tag="899" ind1=" " ind2=" ">
    <subfield code="a">Biblioteca  Panizzi. Reggio Emilia</subfield>
    <subfield code="1">RE0052</subfield>
    <subfield code="2">RE2 PA</subfield>
  </datafield>
  <datafield tag="899" ind1=" " ind2=" ">
    <subfield code="a">Biblioteca nazionale centrale. Roma</subfield>
    <subfield code="1">RM0267</subfield>
    <subfield code="2">BVE CR</subfield>
  </datafield>
  <datafield tag="899" ind1=" " ind2=" ">
    <subfield code="a">Biblioteca del Dipartimento di medicina sperimentale e patologia. Sezione di storia della medicina. Roma</subfield>
    <subfield code="z">MUTILO</subfield>
    <subfield code="1">RM0934</subfield>
    <subfield code="2">RMS M3</subfield>
  </datafield>
  <datafield tag="899" ind1=" " ind2=" ">
    <subfield code="a">Collezione privata Bernardo Altieri. Salerno</subfield>
    <subfield code="1">SA0250</subfield>
  </datafield>
  <datafield tag="911" ind1=" " ind2=" ">
    <subfield code="a">Sul front.</subfield>
    <subfield code="9">IT\ICCU\CNCM\001152</subfield>
  </datafield>
  <datafield tag="911" ind1=" " ind2=" ">
    <subfield code="a">Nel coloph.</subfield>
    <subfield code="9">IT\ICCU\CNCM\002525</subfield>
  </datafield>
  <datafield tag="921" ind1=" " ind2=" ">
    <subfield code="a">IT\ICCU\CNCM\001152</subfield>
    <subfield code="b">Serpente saliente da una pietra variegata.</subfield>
    <subfield code="e">De petra sursum</subfield>
    <subfield code="c">Z960</subfield>
    <subfield code="f">SERPENTE</subfield>
    <subfield code="g">1575-1587</subfield>
  </datafield>
  <datafield tag="921" ind1=" " ind2=" ">
    <subfield code="a">IT\ICCU\CNCM\002525</subfield>
    <subfield code="b">Serpente si erge da una pietra variegata dietro cui si levano fiamme.</subfield>
    <subfield code="e">Calor superat</subfield>
    <subfield code="c">U1043</subfield>
    <subfield code="f">SERPENTE</subfield>
    <subfield code="f">PIETRA</subfield>
    <subfield code="f">FIAMMA</subfield>
    <subfield code="f">CALORSUPER</subfield>
    <subfield code="g">1587</subfield>
  </datafield>
</record>
</collection>
